<?xml version="1.0" encoding="UTF-8"?>
<record xmlns="http://www.loc.gov/MARC21/slim" xmlns:xsi="http://www.w3.org/2001/XMLSchema-instance" xsi:schemaLocation="http://www.loc.gov/MARC21/slim http://www.loc.gov/standards/marcxml/schema/MARC21slim.xsd">
<leader>00000cam a22      a 4500</leader>
<controlfield tag="001">002932678</controlfield>
<controlfield tag="003">NNU</controlfield>
<controlfield tag="005">20150714161103.0</controlfield>
<controlfield tag="008">891006s1983    ir       bi   001 0 arard</controlfield>
<datafield tag="010" ind1=" " ind2=" ">
<subfield code="a">   86932188</subfield>
</datafield>
<datafield tag="035" ind1=" " ind2=" ">
<subfield code="a">(OCoLC)20656971</subfield>
</datafield>
<datafield tag="040" ind1=" " ind2=" ">
<subfield code="a">NYP</subfield>
<subfield code="b">eng</subfield>
<subfield code="c">NYP</subfield>
<subfield code="d">WAU</subfield>
<subfield code="d">OCL</subfield>
<subfield code="d">IUL</subfield>
<subfield code="d">CUY</subfield>
<subfield code="d">OCLCQ</subfield>
<subfield code="d">OCLCA</subfield>
<subfield code="d">OCLCQ</subfield>
<subfield code="d">OCLCO</subfield>
<subfield code="d">OCLCF</subfield>
<subfield code="d">OCLCO</subfield>
<subfield code="d">NNU</subfield>
</datafield>
<datafield tag="050" ind1=" " ind2="4">
<subfield code="a">BP193.27</subfield>
<subfield code="b">.I26 1983</subfield>
</datafield>
<datafield tag="100" ind1="1" ind2=" ">
<subfield code="6">880-01</subfield>
<subfield code="a">Ibn Bābūyah al-Qummī, ʻAlī ibn ʻUbayd Allāh,</subfield>
<subfield code="d">1110 or 1111-approximately 1189.</subfield>
</datafield>
<datafield tag="245" ind1="1" ind2="0">
<subfield code="6">880-02</subfield>
<subfield code="a">Fihrist asmāʼ ʻulamāʼ al-Shīʻah wa-muṣannifīhim /</subfield>
<subfield code="c">li-Muntajab al-Dīn Abī al-Ḥasan ʻAlī ibn ʻUbayd Allāh ibn Bābawayh al-Rāzī ; taḥqīq ʻAbd al-ʻAzīz al-Ṭabāṭabāʼī.</subfield>
</datafield>
<datafield tag="260" ind1=" " ind2=" ">
<subfield code="6">880-03</subfield>
<subfield code="a">[Qum] :</subfield>
<subfield code="b">Majmaʻ al-Dhakhāʼir al-Islāmīyah ;</subfield>
<subfield code="a">Tihrān :</subfield>
<subfield code="b">al-Murtaḍawīyah,</subfield>
<subfield code="c">1404 [1983 or 1984]</subfield>
</datafield>
<datafield tag="300" ind1=" " ind2=" ">
<subfield code="a">52, 245 pages ;</subfield>
<subfield code="c">25 cm.</subfield>
</datafield>
<datafield tag="336" ind1=" " ind2=" ">
<subfield code="a">text</subfield>
<subfield code="b">txt</subfield>
<subfield code="2">rdacontent</subfield>
</datafield>
<datafield tag="337" ind1=" " ind2=" ">
<subfield code="a">unmediated</subfield>
<subfield code="b">n</subfield>
<subfield code="2">rdamedia</subfield>
</datafield>
<datafield tag="338" ind1=" " ind2=" ">
<subfield code="a">volume</subfield>
<subfield code="b">nc</subfield>
<subfield code="2">rdacarrier</subfield>
</datafield>
<datafield tag="490" ind1="1" ind2=" ">
<subfield code="6">880-04</subfield>
<subfield code="a">al-Mukhtār min al-turāth ;</subfield>
<subfield code="v">15</subfield>
</datafield>
<datafield tag="504" ind1=" " ind2=" ">
<subfield code="a">Includes bibliographical references and indexes.</subfield>
</datafield>
<datafield tag="650" ind1=" " ind2="0">
<subfield code="a">Shīʻah</subfield>
<subfield code="x">History</subfield>
<subfield code="v">Indexes</subfield>
<subfield code="v">Early works to 1800.</subfield>
</datafield>
<datafield tag="650" ind1=" " ind2="7">
<subfield code="a">Shīʻah.</subfield>
<subfield code="2">fast</subfield>
<subfield code="0">(OCoLC)fst01117946</subfield>
</datafield>
<datafield tag="655" ind1=" " ind2="7">
<subfield code="a">Early works.</subfield>
<subfield code="2">fast</subfield>
<subfield code="0">(OCoLC)fst01411636</subfield>
</datafield>
<datafield tag="655" ind1=" " ind2="7">
<subfield code="a">History.</subfield>
<subfield code="2">fast</subfield>
<subfield code="0">(OCoLC)fst01411628</subfield>
</datafield>
<datafield tag="655" ind1=" " ind2="7">
<subfield code="a">Indexes.</subfield>
<subfield code="2">fast</subfield>
<subfield code="0">(OCoLC)fst01423761</subfield>
</datafield>
<datafield tag="700" ind1="1" ind2=" ">
<subfield code="6">880-05</subfield>
<subfield code="a">Ṭabāṭabāʼī, ʻAbd al-ʻAzīz.</subfield>
</datafield>
<datafield tag="776" ind1="0" ind2="8">
<subfield code="i">Online version:</subfield>
<subfield code="a">Ibn Bābūyah al-Qummī, ʻAlī ibn ʻUbayd Allāh, 1110 or 11-approximately 1189.</subfield>
<subfield code="t">Fihrist asmāʼ ʻulamāʼ al-Shīʻah wa-muṣannifīhim.</subfield>
<subfield code="d">[Qum] : Majmaʻ al-Dhakhāʼir al-Islāmīyah ; Tihrān : al-Murtaḍawīyah, 1404 [1983 or 1984]</subfield>
<subfield code="w">(OCoLC)614664064</subfield>
</datafield>
<datafield tag="880" ind1="1" ind2=" ">
<subfield code="6">100-01/</subfield>
<subfield code="a">ابن بابوية القمي، علي بن عبيد الله،</subfield>
<subfield code="d">1110 or 11-approximately 1189.</subfield>
</datafield>
<datafield tag="880" ind1="1" ind2="0">
<subfield code="6">245-02/</subfield>
<subfield code="a">فهرست اسماء علماء الشيعة ومصنفيهم /</subfield>
<subfield code="c">لمنتجب الدين ابي الحسن علي بن عبيد الله بن بابويه الرازي ؛ تحقيق عبد العزيز الطباطبائي.</subfield>
</datafield>
<datafield tag="880" ind1=" " ind2=" ">
<subfield code="6">260-03/</subfield>
<subfield code="a">[قم] :</subfield>
<subfield code="b">مجمع الذخائر الاسلامية ؛</subfield>
<subfield code="a">تهران :</subfield>
<subfield code="b">المرتضوية،</subfield>
<subfield code="c">1404 [1983 or 1984]</subfield>
</datafield>
<datafield tag="880" ind1="1" ind2=" ">
<subfield code="6">490-04/</subfield>
<subfield code="a">المختار من التراث ؛</subfield>
<subfield code="v">15</subfield>
</datafield>
<datafield tag="880" ind1="1" ind2=" ">
<subfield code="6">700-05/</subfield>
<subfield code="a">طباطبائي، عبد العزيز.</subfield>
</datafield>
<datafield tag="830" ind1=" " ind2="0">
<subfield code="6">880-06</subfield>
<subfield code="a">Mukhtār min al-turāth ;</subfield>
<subfield code="v">15.</subfield>
</datafield>
<datafield tag="880" ind1=" " ind2="0">
<subfield code="6">830-06/</subfield>
<subfield code="a">مختار من التراث ؛</subfield>
<subfield code="v">15.</subfield>
</datafield>
<datafield tag="OWN" ind1=" " ind2=" ">
<subfield code="a">GENERAL</subfield>
</datafield>
<datafield tag="AVA" ind1=" " ind2=" ">
<subfield code="a">NYU50</subfield>
<subfield code="b">BOBST</subfield>
<subfield code="c">Main Collection</subfield>
<subfield code="d">BP192.4 .I25 1983</subfield>
<subfield code="e">unavailable</subfield>
<subfield code="t">Unavailable</subfield>
<subfield code="f">1</subfield>
<subfield code="g">1</subfield>
<subfield code="h">N</subfield>
<subfield code="i">2</subfield>
<subfield code="j">MAIN</subfield>
<subfield code="k">0</subfield>
</datafield>
</record>
